<record><leader>00000cas a22000007a 4500</leader><controlfield tag="001">19952105</controlfield><controlfield tag="008">890630d1951195umduer ne      0    0eng d</controlfield><datafield ind1=" " ind2=" " tag="010"><subfield code="a">sn 89061519 </subfield></datafield><datafield ind1=" " ind2=" " tag="040"><subfield code="a">MFN</subfield><subfield code="b">eng</subfield><subfield code="c">MFN</subfield><subfield code="d">OCLCQ</subfield></datafield><datafield ind1=" " ind2=" " tag="042"><subfield code="a">msc</subfield></datafield><datafield ind1=" " ind2="4" tag="050"><subfield code="a">AN41.681.C6</subfield><subfield code="b">B5</subfield></datafield><datafield ind1="0" ind2="4" tag="245"><subfield code="a">The College Park bi-weekly.</subfield></datafield><datafield ind1=" " ind2=" " tag="260"><subfield code="a">College Park, Md. :</subfield><subfield code="b">A.D. Stiehler,</subfield><subfield code="c">1951-</subfield></datafield><datafield ind1=" " ind2=" " tag="300"><subfield code="a">v. :</subfield><subfield code="b">ill.</subfield></datafield><datafield ind1=" " ind2=" " tag="310"><subfield code="a">Biweekly</subfield></datafield><datafield ind1="0" ind2=" " tag="362"><subfield code="a">Vol. 1, no. 3 (May 31, 1951)-</subfield></datafield><datafield ind1="1" ind2=" " tag="362"><subfield code="a">Ceased in 1952 or 1953.</subfield></datafield><datafield ind1=" " ind2=" " tag="752"><subfield code="a">United States</subfield><subfield code="b">Maryland</subfield><subfield code="c">Prince George's</subfield><subfield code="d">College Park.</subfield></datafield><datafield ind1="0" ind2="0" tag="780"><subfield code="t">Bi-weekly (College Park, Md. : 1951)</subfield><subfield code="w">(DLC)sn 89061518</subfield></datafield><datafield ind1="0" ind2="0" tag="785"><subfield code="t">Bi-weekly (College Park, Md. : 1953)</subfield><subfield code="w">(DLC)sn 89061520</subfield></datafield></record>